<collection xmlns="http://www.loc.gov/MARC21/slim">
<record>
  <leader>01663nam0a2200253 i 450 </leader>
  <controlfield tag="001">IT\ICCU\CNCE\023499</controlfield>
  <controlfield tag="005">20061106000000.0</controlfield>
  <datafield tag="012" ind1=" " ind2=" ">
    <subfield code="a">2321 ei25 u-no scdi (3) 1558 (R)</subfield>
    <subfield code="2">fei</subfield>
  </datafield>
  <datafield tag="100" ind1=" " ind2=" ">
    <subfield code="a">19970708d1558        0itac0103    ba</subfield>
  </datafield>
  <datafield tag="101" ind1=" " ind2=" ">
    <subfield code="a">LAT</subfield>
  </datafield>
  <datafield tag="102" ind1=" " ind2=" ">
    <subfield code="a">IT</subfield>
  </datafield>
  <datafield tag="200" ind1="1" ind2=" ">
    <subfield code="a">Formularius instrumentorum egregii causidici d. Petri Dominici de Mussis nobilis Placentini, opus aurum \!!, et perutile, in quo modi, form,̆ series instrumentorum quorumlibet, miro artificio elucubrat,̆ ad quamlibet materiam amplissime colliguntur, doctoribus, notarijs, procuratoribus cuiuscunque generis, tam ecclesiasticis, quam laicis nedum vtile, quinimo necessarium, ac mercatoribus non minus proficuum. Cui adiectum est copiosissimum indicem, ut omnes facilius, &amp; commodius, determinationes causarum, formas, capitulaque omnia comperire queant</subfield>
  </datafield>
  <datafield tag="210" ind1=" " ind2=" ">
    <subfield code="a">Venetiis</subfield>
    <subfield code="c">apud Franciscum Bindonum</subfield>
    <subfield code="d">1558</subfield>
    <subfield code="e">Venetiis</subfield>
    <subfield code="g">apud Franciscum Bindonum</subfield>
  </datafield>
  <datafield tag="215" ind1=" " ind2=" ">
    <subfield code="a">\6!, 270 c.</subfield>
    <subfield code="d">4ʻ</subfield>
  </datafield>
  <datafield tag="620" ind1=" " ind2=" ">
    <subfield code="a">IT</subfield>
    <subfield code="d">Venezia</subfield>
  </datafield>
  <datafield tag="700" ind1=" " ind2="1">
    <subfield code="a">Mussi,</subfield>
    <subfield code="b">Pietro Domenico</subfield>
    <subfield code="3">IT\ICCU\CNCA\006547</subfield>
  </datafield>
  <datafield tag="712" ind1="0" ind2="0">
    <subfield code="a">Bindoni, Francesco</subfield>
    <subfield code="c"> &lt;2.&gt;</subfield>
    <subfield code="3">IT\ICCU\CNCT\000656</subfield>
    <subfield code="4">650</subfield>
  </datafield>
  <datafield tag="790" ind1=" " ind2="1">
    <subfield code="a">De_Mussis,</subfield>
    <subfield code="b">Petrus Dominicus</subfield>
    <subfield code="3">IT\ICCU\CNCA\006598</subfield>
    <subfield code="z">Mussi, Pietro Domenico</subfield>
  </datafield>
  <datafield tag="791" ind1="0" ind2="0">
    <subfield code="a">Bindonus, Franciscus</subfield>
    <subfield code="c"> &lt;2&gt;</subfield>
    <subfield code="3">IT\ICCU\CNCT\004386</subfield>
    <subfield code="z">Bindoni, Francesco &lt;2.&gt;</subfield>
  </datafield>
  <datafield tag="801" ind1=" " ind2="3">
    <subfield code="a">IT</subfield>
    <subfield code="b">ICCU</subfield>
    <subfield code="c">20201114</subfield>
  </datafield>
  <datafield tag="899" ind1=" " ind2=" ">
    <subfield code="a">Biblioteca Casanatense. Roma</subfield>
    <subfield code="1">RM0313</subfield>
    <subfield code="2">RML 07</subfield>
  </datafield>
  <datafield tag="899" ind1=" " ind2=" ">
    <subfield code="a">Biblioteca Diocesana Vigilianum. Trento</subfield>
    <subfield code="1">TN0132</subfield>
    <subfield code="2">ZTN 10</subfield>
  </datafield>
  <datafield tag="911" ind1=" " ind2=" ">
    <subfield code="a">Sul front.</subfield>
    <subfield code="9">IT\ICCU\CNCM\000611</subfield>
  </datafield>
  <datafield tag="921" ind1=" " ind2=" ">
    <subfield code="a">IT\ICCU\CNCM\000611</subfield>
    <subfield code="b">Arcangelo Raffaele e Tobiolo (angelo che tiene per mano un bambino con un pesce).</subfield>
    <subfield code="c">A98</subfield>
    <subfield code="c">Z93</subfield>
    <subfield code="d">Dimensioni: 5,7 x 7</subfield>
    <subfield code="f">ANGELO</subfield>
    <subfield code="f">PESCE</subfield>
    <subfield code="f">BAMBINO</subfield>
    <subfield code="g">1548-1558</subfield>
  </datafield>
</record>
</collection>
